
%
%  $Description: Sample bibliography$ 
% 
%  $Author: ienne $ 
%  $Date: 1995/09/15 15:19:53 $
%  $Revision: 1.3 $
%


@Book{ex1,
   author =   "Unmesh Joshi", 
   title =   "Patterns of Distributed Systems", 
   publisher =   "Addison-Wesley Professional",
   year =   "2023",  
}

@Book{ex2,
   author =   "George Coulouris",
   title =   "Distributed Systems: Concepts and Design", 
   publisher =   " Pearson Custom Publishing",
   year =   "2012", 
}

